@article{beeton2017debugging,
  title={Debugging LATEX filesâ€”Illegitimi non carborundum},
  author={Beeton, Barbara},
  journal={TUGboat [online]},
  pages={159--164},
  year={2017}
}